<?xml version="1.0" encoding="UTF-8"?><collection xmlns="http://www.loc.gov/MARC21/slim"><record><leader>00560nam--2200169-i-4500</leader><controlfield tag="001">000024413</controlfield><controlfield tag="002">20161230</controlfield><controlfield tag="005">20161230201035</controlfield><controlfield tag="008">060222s1000------------r-----000-0-eng-d</controlfield><datafield ind1=" " ind2=" " tag="040"><subfield code="a">IFIN-HH</subfield></datafield><datafield ind1=" " ind2=" " tag="080"><subfield code="a">539.17:533.92</subfield></datafield><datafield ind1="1" ind2=" " tag="110"><subfield code="a">University Utrecht</subfield></datafield><datafield ind1="1" ind2="0" tag="245"><subfield code="a">Third european conference on controlled fusion and plasma physics and the symposium on beam-plasma interactions</subfield><subfield code="b">Utrecht, the netherlands, 23-27 june 1969</subfield></datafield><datafield ind1=" " ind2=" " tag="260"><subfield code="a">Groningen</subfield><subfield code="b">Wolters-noordhoff Publishing</subfield><subfield code="c">1969</subfield></datafield><datafield ind1=" " ind2=" " tag="300"><subfield code="a">129P</subfield></datafield><datafield ind1=" " ind2=" " tag="852"><subfield code="a">75853</subfield><subfield code="c">539.17</subfield></datafield><datafield ind1=" " ind2=" " tag="CAT"><subfield code="a">Sys</subfield><subfield code="c">20120626</subfield><subfield code="h">100749</subfield></datafield></record></collection>